%% This BibTeX bibliography file was created using BibDesk.
%% http://bibdesk.sourceforge.net/

%% Created for deleporte at 2015-07-06 10:23:49 +0200 


%% Saved with string encoding Unicode (UTF-8) 



@book{demailly1997complex,
	Author = {Demailly, Jean-Pierre},
	Date-Added = {2015-06-26 11:56:35 +0000},
	Date-Modified = {2015-06-26 11:56:35 +0000},
	Publisher = {Citeseer},
	Title = {Complex analytic and differential geometry},
	Year = {1997}}

@book{voisin2002theorie,
	Author = {Voisin, Claire},
	Date-Added = {2015-06-26 11:51:47 +0000},
	Date-Modified = {2015-07-06 08:14:29 +0000},
	Title = {Th{\'e}orie de {H}odge et g{\'e}om{\'e}trie alg{\'e}brique complexe},
	Year = {2002}}

@book{hormander2003analysis,
	Author = {H{\"o}rmander, Lars},
	Date-Added = {2015-06-22 12:48:04 +0000},
	Date-Modified = {2015-06-22 12:48:17 +0000},
	Publisher = {Springer, Berlin},
	Title = {The analysis of linear partial differential operators. I. Distribution theory and Fourier analysis. Reprint of the second (1990) edition},
	Year = {2003}}

@book{krantz1992partial,
	Author = {Krantz, Steven G},
	Date-Added = {2015-06-22 12:47:07 +0000},
	Date-Modified = {2015-06-22 12:47:07 +0000},
	Publisher = {CRC press},
	Title = {Partial differential equations and complex analysis},
	Volume = {6},
	Year = {1992}}

@book{krantz2013geometric,
	Author = {Krantz, Steven George},
	Date-Added = {2015-06-22 12:46:30 +0000},
	Date-Modified = {2015-07-06 08:14:40 +0000},
	Publisher = {Springer},
	Title = {Geometric analysis of the {B}ergman kernel and metric},
	Year = {2013}}

@article{hormander1971fourier,
	Author = {H{\"o}rmander, Lars},
	Journal = {Acta mathematica},
	Number = {1},
	Pages = {79--183},
	Publisher = {Springer},
	Title = {Fourier integral operators. I},
	Volume = {127},
	Year = {1971}}

@book{luogeng1963harmonic,
	Author = {Luogeng Hua},
	Number = {6},
	Publisher = {American Mathematical Soc.},
	Title = {Harmonic analysis of functions of several complex variables in the classical domains},
	Year = {1963}}

@inproceedings{colin2007spectrum,
	Author = {Colin De Verdiere, Y},
	Booktitle = {Annales-Institut Fourier},
	Date-Modified = {2015-07-06 08:14:55 +0000},
	Number = {7},
	Organization = {Association des Annales de l'Institute Fourier; 1999},
	Pages = {2429},
	Title = {Spectrum of the {L}aplace operator and periodic geodesics: thirty years after},
	Volume = {57},
	Year = {2007}}

@book{alinhac2012operateurs,
	Author = {Alinhac, Serge and G{\'e}rard, Patrick},
	Date-Modified = {2015-07-06 08:17:01 +0000},
	Publisher = {EDP Sciences},
	Title = {Op{\'e}rateurs pseudo-diff{\'e}rentiels et th{\'e}oreme de {N}ash-{M}oser},
	Year = {2012}}

@book{zworski2012semiclassical,
	Author = {Maciej Zworski},
	Date-Added = {2015-02-09 09:56:25 +0000},
	Date-Modified = {2015-02-09 09:57:53 +0000},
	Publisher = {American Mathematical Soc.},
	Title = {Semiclassical analysis},
	Volume = {138},
	Year = {2012}}

@book{mcduff1998introduction,
	Author = {McDuff, Dusa and Salamon, Dietmar},
	Date-Added = {2015-02-09 08:56:20 +0000},
	Date-Modified = {2015-02-09 09:21:05 +0000},
	Title = {Introduction to symplectic topology},
	Year = {1998}}

@article{kohn1965extension,
	Author = {Kohn, Joseph J and Rossi, Hugo},
	Date-Added = {2015-02-06 08:56:11 +0000},
	Date-Modified = {2015-02-06 08:56:11 +0000},
	Journal = {Annals of Mathematics},
	Pages = {451--472},
	Publisher = {JSTOR},
	Title = {On the extension of holomorphic functions from the boundary of a complex manifold},
	Year = {1965}}

@incollection{melin1975fourier,
	Author = {Melin, Anders and Sj{\"o}strand, Johannes},
	Booktitle = {Fourier integral operators and partial differential equations},
	Date-Added = {2015-02-06 08:22:28 +0000},
	Date-Modified = {2015-02-06 08:22:28 +0000},
	Pages = {120--223},
	Publisher = {Springer},
	Title = {Fourier integral operators with complex-valued phase functions},
	Year = {1975}}

@inproceedings{souriau1967quantification,
	Author = {Souriau, Jean-Marie},
	Booktitle = {Annales de l'institut Henri Poincar{\'e} (A) Physique th{\'e}orique},
	Date-Added = {2015-02-04 15:10:51 +0000},
	Date-Modified = {2015-02-04 15:10:51 +0000},
	Number = {4},
	Organization = {Gauthier-villars},
	Pages = {311--341},
	Title = {Quantification g{\'e}om{\'e}trique. Applications},
	Volume = {6},
	Year = {1967}}

@book{kostant1970quantization,
	Author = {Kostant, Bertram},
	Date-Added = {2015-02-04 15:07:57 +0000},
	Date-Modified = {2015-02-04 15:07:57 +0000},
	Publisher = {Springer},
	Title = {Quantization and unitary representations},
	Year = {1970}}

@book{hormander2007,
	Author = {H{\"o}rmander, L},
	Date-Added = {2015-01-29 07:59:02 +0000},
	Date-Modified = {2015-01-29 08:00:41 +0000},
	Publisher = {Springer},
	Series = {Classics in Mathematics},
	Title = {The Analysis of Linear Partial Differential Operators III},
	Year = {2007},
	Bdsk-File-1 = {YnBsaXN0MDDUAQIDBAUGJCVYJHZlcnNpb25YJG9iamVjdHNZJGFyY2hpdmVyVCR0b3ASAAGGoKgHCBMUFRYaIVUkbnVsbNMJCgsMDxJXTlMua2V5c1pOUy5vYmplY3RzViRjbGFzc6INDoACgAOiEBGABIAFgAdccmVsYXRpdmVQYXRoWWFsaWFzRGF0YV8QPS4uLy4uLy4uLy4uLy4uL0Rvd25sb2Fkcy9hcnRpY2xlcy9ib2slM0E5NzgtMy01NDAtNDk5MzgtMS5wZGbSFwsYGVdOUy5kYXRhTxEBzgAAAAABzgACAAAMTWFjaW50b3NoIEhEAAAAAAAAAAAAAAAAAAAAzDEv00grAAAAabizG2JvayUzQTk3OC0zLTU0MC00OTkzOC0xLnBkZgAAAAAAAAAAAAAAAAAAAAAAAAAAAAAAAAAAAAAAAAAAAAAAAABdBLbQ7l69AAAAAAAAAAAABQADAAAJIAAAAAAAAAAAAAAAAAAAAAhhcnRpY2xlcwAQAAgAAMwxE7MAAAARAAgAANDuUK0AAAABABAAabizAEyn1QBMp9IAAg35AAIAT01hY2ludG9zaCBIRDpVc2VyczoAZGVsZXBvcnRlOgBEb3dubG9hZHM6AGFydGljbGVzOgBib2slM0E5NzgtMy01NDAtNDk5MzgtMS5wZGYAAA4AOAAbAGIAbwBrACUAMwBBADkANwA4AC0AMwAtADUANAAwAC0ANAA5ADkAMwA4AC0AMQAuAHAAZABmAA8AGgAMAE0AYQBjAGkAbgB0AG8AcwBoACAASABEABIAPlVzZXJzL2RlbGVwb3J0ZS9Eb3dubG9hZHMvYXJ0aWNsZXMvYm9rJTNBOTc4LTMtNTQwLTQ5OTM4LTEucGRmABMAAS8AABUAAgAQ//8AAIAG0hscHR5aJGNsYXNzbmFtZVgkY2xhc3Nlc11OU011dGFibGVEYXRhox0fIFZOU0RhdGFYTlNPYmplY3TSGxwiI1xOU0RpY3Rpb25hcnmiIiBfEA9OU0tleWVkQXJjaGl2ZXLRJidUcm9vdIABAAgAEQAaACMALQAyADcAQABGAE0AVQBgAGcAagBsAG4AcQBzAHUAdwCEAI4AzgDTANsCrQKvArQCvwLIAtYC2gLhAuoC7wL8Av8DEQMUAxkAAAAAAAACAQAAAAAAAAAoAAAAAAAAAAAAAAAAAAADGw==}}

@book{hormander1985,
	Author = {H{\"o}rmander, L},
	Date-Added = {2015-01-29 07:57:04 +0000},
	Date-Modified = {2015-01-29 07:58:55 +0000},
	Publisher = {Springer},
	Series = {Classics in Mathematics},
	Title = {The Analysis of Linear Partial Differential Operators IV},
	Year = {1985},
	Bdsk-File-1 = {YnBsaXN0MDDUAQIDBAUGJCVYJHZlcnNpb25YJG9iamVjdHNZJGFyY2hpdmVyVCR0b3ASAAGGoKgHCBMUFRYaIVUkbnVsbNMJCgsMDxJXTlMua2V5c1pOUy5vYmplY3RzViRjbGFzc6INDoACgAOiEBGABIAFgAdccmVsYXRpdmVQYXRoWWFsaWFzRGF0YV8QPS4uLy4uLy4uLy4uLy4uL0Rvd25sb2Fkcy9hcnRpY2xlcy9ib2slM0E5NzgtMy02NDItMDAxMzYtOS5wZGbSFwsYGVdOUy5kYXRhTxEBzgAAAAABzgACAAAMTWFjaW50b3NoIEhEAAAAAAAAAAAAAAAAAAAAzDEv00grAAAAabizG2JvayUzQTk3OC0zLTY0Mi0wMDEzNi05LnBkZgAAAAAAAAAAAAAAAAAAAAAAAAAAAAAAAAAAAAAAAAAAAAAAAABdCMjQ7mBmAAAAAAAAAAAABQADAAAJIAAAAAAAAAAAAAAAAAAAAAhhcnRpY2xlcwAQAAgAAMwxE7MAAAARAAgAANDuUlYAAAABABAAabizAEyn1QBMp9IAAg35AAIAT01hY2ludG9zaCBIRDpVc2VyczoAZGVsZXBvcnRlOgBEb3dubG9hZHM6AGFydGljbGVzOgBib2slM0E5NzgtMy02NDItMDAxMzYtOS5wZGYAAA4AOAAbAGIAbwBrACUAMwBBADkANwA4AC0AMwAtADYANAAyAC0AMAAwADEAMwA2AC0AOQAuAHAAZABmAA8AGgAMAE0AYQBjAGkAbgB0AG8AcwBoACAASABEABIAPlVzZXJzL2RlbGVwb3J0ZS9Eb3dubG9hZHMvYXJ0aWNsZXMvYm9rJTNBOTc4LTMtNjQyLTAwMTM2LTkucGRmABMAAS8AABUAAgAQ//8AAIAG0hscHR5aJGNsYXNzbmFtZVgkY2xhc3Nlc11OU011dGFibGVEYXRhox0fIFZOU0RhdGFYTlNPYmplY3TSGxwiI1xOU0RpY3Rpb25hcnmiIiBfEA9OU0tleWVkQXJjaGl2ZXLRJidUcm9vdIABAAgAEQAaACMALQAyADcAQABGAE0AVQBgAGcAagBsAG4AcQBzAHUAdwCEAI4AzgDTANsCrQKvArQCvwLIAtYC2gLhAuoC7wL8Av8DEQMUAxkAAAAAAAACAQAAAAAAAAAoAAAAAAAAAAAAAAAAAAADGw==}}

@article{kohn1964harmonic,
	Author = {Kohn, JJ},
	Date-Added = {2015-01-27 10:03:25 +0000},
	Date-Modified = {2015-07-06 08:11:03 +0000},
	Journal = {Annals of mathematics},
	Pages = {450--472},
	Publisher = {JSTOR},
	Title = {Harmonic {I}ntegrals on {S}trongly {P}seudo-{C}onvex {M}anifolds: 2},
	Year = {1964}}

@article{kohn1963harmonic,
	Author = {Kohn, JJ},
	Date-Added = {2015-01-27 10:03:16 +0000},
	Date-Modified = {2015-07-06 08:12:31 +0000},
	Journal = {Annals of mathematics},
	Pages = {112--148},
	Publisher = {JSTOR},
	Title = {Harmonic {I}ntegrals on {S}trongly {P}seudo-{C}onvex {M}anifolds: 1},
	Year = {1963}}

@book{BoutetdeMonvel1981,
	Author = {Boutet de Monvel, L. and Guillemin, V.},
	Date-Added = {2015-01-23 15:57:25 +0000},
	Date-Modified = {2015-07-06 08:15:03 +0000},
	Number = {99},
	Publisher = {Princeton University Press},
	Rating = {2},
	Read = {1},
	Series = {Annals of Mathematics Studies},
	Title = {The spectral theory of {T}oeplitz operators},
	Year = {1981}}

@article{Shiffman2002,
	Abstract = {We study the asymptotics of almost holomorphic sections $s \in H^0_J(M, \omega)$ of an ample line bundle $L \to M$ over an almost complex symplectic manifold in the sense of Boutet de Monvel-Guillemin. Such sections are defined as the kernel of a complex which is analogous to the $\bar{\partial}$ complex for a positive line bundle over a complex manifold. Our main result is the scaling limit asymptotics of the Szego projectors $\Pi_N$ of powers $L^N$. The Kodaira embedding theorem and Tian almost isometry theorem are almost immediate consequences of the scaling limit. We also relate such almost holomorphic sections to the asymptotically holomorphic sections in the sense of Donaldson and Auroux.},
	Author = {B. Shiffman and S. Zelditch},
	Date-Added = {2015-01-23 15:48:34 +0000},
	Date-Modified = {2015-06-26 08:46:24 +0000},
	Eprint = {math/0212180},
	Rating = {3},
	Read = {1},
	Title = {Asymptotics of almost holomorphic sections on symplectic manifolds},
	Url = {http://arxiv.org/abs/math/0212180},
	Year = {2002},
	Bdsk-Url-1 = {http://arxiv.org/abs/math/0212180}}

@article{Zelditch2000,
	Abstract = {We give a simple proof of Tian's theorem that the Kodaira embeddings associated to a positive line bundle over a compact complex manifold are asymptotically isometric. The proof is based on the diagonal asymptotics of the Szego kernel (i.e. the orthogonal projection onto holomorphic sections). In deriving these asymptotics we use the Boutet de Monvel-Sjostrand parametrix for the Szego kernel.},
	Author = {Zelditch, S.},
	Date-Added = {2015-01-23 15:48:12 +0000},
	Date-Modified = {2015-07-06 08:14:05 +0000},
	Eprint = {math-ph/0002009},
	Rating = {3},
	Read = {1},
	Title = {Szego kernels and a theorem of {T}ian},
	Url = {http://arxiv.org/abs/math-ph/0002009},
	Year = {2000},
	Bdsk-Url-1 = {http://arxiv.org/abs/math-ph/0002009}}

@article{BoutetdeMonvel1975,
	Author = {Boutet de Monvel, L. and Sj{\"o}strand, J.},
	Date-Added = {2015-01-23 15:46:38 +0000},
	Date-Modified = {2015-07-06 08:15:15 +0000},
	Journal = {Journ{\'e}es {\'e}quations aux d{\'e}riv{\'e}es partielles},
	Language = {fre},
	Pages = {123-164},
	Publisher = {Ecole polytechnique},
	Rating = {3},
	Read = {1},
	Title = {Sur la singularit{\'e} des noyaux de {B}ergman et de {S}zeg{\"o}},
	Url = {http://eudml.org/doc/92944},
	Volume = {34-35},
	Year = {1975},
	Bdsk-Url-1 = {http://eudml.org/doc/92944}}

@article{BoutetdeMonvel1974-1975,
	Author = {Boutet de Monvel, L.},
	Date-Added = {2015-01-23 15:45:39 +0000},
	Date-Modified = {2015-07-06 08:15:46 +0000},
	Journal = {S{\'e}minaire {{\'E}}quations aux d{\'e}riv{\'e}es partielles (dit "{G}oulaouic-{S}chwartz")},
	Language = {fre},
	Pages = {1-13},
	Publisher = {Ecole Polytechnique, Centre de Math{\'e}matiques},
	Rating = {4},
	Read = {1},
	Title = {Int{\'e}gration des {\'e}quations de {C}auchy-{R}iemann induites formelles},
	Url = {http://eudml.org/doc/111647},
	Year = {1974-1975},
	Bdsk-Url-1 = {http://eudml.org/doc/111647}}

@book{fritzsche,
	Author = {Fritzsche, Klaus and Grauert, Hans},
	Date-Added = {2015-01-23 15:40:52 +0000},
	Date-Modified = {2015-01-23 15:44:22 +0000},
	Number = {213},
	Publisher = {Springer},
	Rating = {3},
	Read = {1},
	Series = {Graduate Texts in Mathematics},
	Title = {From holomorphic functions to complex manifolds},
	Year = {2002}}

@book{krantz1982function,
	Author = {Krantz, Stephen G},
	Date-Added = {2015-01-23 15:05:26 +0000},
	Date-Modified = {2015-01-23 15:06:13 +0000},
	Publisher = {Wiley New York},
	Title = {Function theory of several complex variables},
	Year = {1982}}

@book{stein1972boundary,
	Author = {Stein, Elias M},
	Date-Added = {2015-01-23 15:00:53 +0000},
	Date-Modified = {2015-01-23 15:25:05 +0000},
	Publisher = {Princeton University Press},
	Title = {Boundary behavior of holomorphic functions of several complex variables},
	Year = {1972}}
